@Article{1,
 author = {Naomi B. Robbins and Richard M. Heiberger},
 title = {Plotting Likert and Other Rating Scales},
 journal = {JSM Proceedings},
 year = {2011},
 url = {https://www.amstat.org/membersonly/proceedings/2011/papers/300784_64164.pdf},
 OPTkey = {},
 volume = {Section on Survey Research Methods. Alexandria, VA: American Statistical Association},
 OPTnumber = {},
 pages = {1058--1066},
 misc = {Accédé le 4 Avril 2013},
  note = "\url{https://www.amstat.org/membersonly/proceedings/2011/papers/300784_64164.pdf}"
}

@Book{2,
 author = {ORULOR},
 title = {Activité des structures d'urgence en Lorraine. Rapport d'activité 2011},
 publisher = {URULOR},
 year = {2011},
 editor = {ORULOR},
 OPTnote = {},
 OPTannote = {},
 lastchecked = {Juillet 2013},
 url = {https://www.}
}

@Book{3,
 author = {ORUMIP},
 title = {L'activité des structures d'urgence en Midi-Pyrénée. Rapport annuel 2011},
 publisher = {ORUMIP},
 year = {2011},
 editor = {ORUMIP},
 issn = {1767-6371},
 OPTannote = {},
 lastchecked = {Juillet 2013},
}

@Article{4,
 author = {INSEE},
 title = {Unité urbaine},
 howpublished = {},
 year = {2013},
  note = "\url{http://www.insee.fr/fr/methodes/default.asp?page=definitions/unite-urbaine.htm}",
 urldate = {14/07/2013},
 lastchecked = {14/07/2013},
}

@Manual{5,
    title = {R: A Language and Environment for Statistical Computing},
    author = {{R Core Team}},
    organization = {R Foundation for Statistical Computing},
    address = {Vienna, Austria},
    year = {2013},
    note = "\url{http://www.R-project.org/}",
  }

@Article{6,
 author = {INSEE},
 title = {Population municipale},
 year = {2013},
 note = "\url{http://www.insee.fr/fr/methodes/default.asp?page=definitions/population-municipale-rrp.htm}",
 urldate = {14/07/2013},
 lastchecked = {14/07/2013},
}

@Article{7,
 author = {INSEE},
 title = {Population totale},
 year = {2013},
 note = "\url{http://www.insee.fr/fr/methodes/default.asp?page=definitions/population-totale-rrp.htm}",
 urldate = {14/07/2013},
 lastchecked = {14/07/2013},
}


@Article{8,
 author = {INSEE},
 title = {Population comptée à part},
 year = {2013},
 note = "\url{http://www.insee.fr/fr/methodes/default.asp?page=definitions/popul-comptee-a-part-rrp.htm}",
 urldate = {14/07/2013},
 lastchecked = {14/07/2013},
}

@Article{9,
 author = {SFMU},
 title = {Thésaurus des Diagnostics et Actes des structures d'urgence 2013},
 howpublished = {},
 year = {2013},
  note = "\url{http://www.sfmu.org/documents/File/referentielsSFMU/ThesaurusSFMU2013.xlsx}",
 urldate = {14/07/2013},
 lastchecked = {14/07/2013},
}

@Article{10,
 author = {OMS},
 title = {Classification internationale des maladies. Dixième révision (CIM10)},
 howpublished = {},
 year = {2008},
  note = "\url{http://apps.who.int/classifications/icd10/browse/2008/fr}",
 urldate = {14/07/2013},
 lastchecked = {14/07/2013},
}

@Article{11,
 author = {Couty Edouard},
 title = {Information sur le lancement en 2003 du recueil de « résumés de passages aux urgences »
(RPU) et appel à candidature pour participer au test du RPU en juin 2002
},
 howpublished = {},
 year = {2002},
  note = "\url{http://www.sfmu.org/documents/ressources/referentiels/sollicit.pdf}",
 urldate = {14/07/2013},
 lastchecked = {14/07/2013},
}

@Article{12,
 author = {Ministère de la santé},
 title = {Arrêté du 24 juillet 2013 relatif au recueil et au traitement des données d'activité médicale produites par les établissements de santé publics ou privés ayant une
activité de médecine d'urgence et à la transmission d'informations issues de ce traitement dans les conditions définies à l'article L. 6113-8 du code de la santé
publique et dans un but de veille et de sécurité sanitaires
},
 howpublished = {},
 year = {2013},
  note = "\url{http://www.legifrance.gouv.fr/affichTexte.do?cidTexte=JORFTEXT000027825549}",
 urldate = {14/07/2013},
 lastchecked = {14/07/2013},
}

@Article{13,
 author = {Ministère de la santé},
 title = {INSTRUCTION N° DGOS/R2/2013/261 du 27 juin 2013 relative aux plans d’actions régionaux sur les urgences},
 howpublished = {},
 year = {2013},
  note = "\url{circulaire.legifrance.gouv.fr/pdf/2013/06/cir_37177.pdf}",
 urldate = {14/07/2013},
 lastchecked = {14/07/2013},
}

@Article{14,
 author = {ARS Alsace},
 title = {Le schéma régional d’organisation des soins (SROS)},
 howpublished = {},
 year = {2013},
  note = "\url{http://www.ars.alsace.sante.fr/fileadmin/ALSACE/ars_alsace/Projet_regional_de_sante/definitif/SROS_PRS_2012-2016.pdf}",
 urldate = {14/10/2013},
 lastchecked = {14/10/2013},
}

@Article{15,
 author = {ARS Alsace},
 title = {arrêté n°2013/354 du 23/05/2013 modifiant l'arrêté du 30 janvier 2012},
 howpublished = {},
 year = {2013},
  note = "\url{http://www.ars.alsace.sante.fr/fileadmin/ALSACE/ars_alsace/Projet_regional_de_sante/modification/Arrete_PRS_2013_354_23052013__annexes.pdf}",
 urldate = {14/10/2013},
 lastchecked = {14/10/2013},
}

@Book{16,
 author = {ORULIM},
 title = {Activité des structures d'urgence en Limousin. Rapport annuel 2012},
 publisher = {ORULIM},
 year = {2013},
 editor = {ORULIM},
 issn = {},
 OPTannote = {},
 lastchecked = {Janvier 2014},
}