@Article{1,
 author = {Naomi B. Robbins and Richard M. Heiberger},
 title = {Plotting Likert and Other Rating Scales},
 journal = {JSM Proceedings},
 year = {2011},
 url = {https://www.amstat.org/membersonly/proceedings/2011/papers/300784_64164.pdf},
 OPTkey = {},
 volume = {Section on Survey Research Methods. Alexandria, VA: American Statistical Association},
 OPTnumber = {},
 pages = {1058--1066},
 misc = {Accédé le 4 Avril 2013},
  note = "\url{https://www.amstat.org/membersonly/proceedings/2011/papers/300784_64164.pdf}"
}

@Book{2,
 author = {ORULOR},
 title = {Activité des structures d'urgence en Lorraine. Rapport d'activité 2011},
 publisher = {URULOR},
 year = {2011},
 editor = {ORULOR},
 OPTnote = {},
 OPTannote = {},
 lastchecked = {Juillet 2013},
 url = {https://www.}
}

@Book{3,
 author = {ORUMIP},
 title = {L'activité des structures d'urgence en Midi-Pyrénée. Rapport annuel 2011},
 publisher = {ORUMIP},
 year = {2011},
 editor = {ORUMIP},
 issn = {1767-6371},
 OPTannote = {},
 lastchecked = {Juillet 2013},
}

@Article{4,
 author = {INSEE},
 title = {Unité urbaine},
 howpublished = {},
 year = {2013},
  note = "\url{http://www.insee.fr/fr/methodes/default.asp?page=definitions/unite-urbaine.htm}",
 urldate = {14/07/2013},
 lastchecked = {14/07/2013},
}

@Manual{5,
    title = {R: A Language and Environment for Statistical Computing},
    author = {{R Core Team}},
    organization = {R Foundation for Statistical Computing},
    address = {Vienna, Austria},
    year = {2013},
    note = "\url{http://www.R-project.org/}",
  }

@Article{6,
 author = {INSEE},
 title = {Population municipale},
 year = {2013},
 note = "\url{http://www.insee.fr/fr/methodes/default.asp?page=definitions/population-municipale-rrp.htm}",
 urldate = {14/07/2013},
 lastchecked = {14/07/2013},
}

@Article{7,
 author = {INSEE},
 title = {Population totale},
 year = {2013},
 note = "\url{http://www.insee.fr/fr/methodes/default.asp?page=definitions/population-totale-rrp.htm}",
 urldate = {14/07/2013},
 lastchecked = {14/07/2013},
}


@Article{8,
 author = {INSEE},
 title = {Population comptée à part},
 year = {2013},
 note = "\url{http://www.insee.fr/fr/methodes/default.asp?page=definitions/popul-comptee-a-part-rrp.htm}",
 urldate = {14/07/2013},
 lastchecked = {14/07/2013},
}

@Article{9,
 author = {SFMU},
 title = {Thésaurus des Diagnostics et Actes des structures d'urgence 2013},
 howpublished = {},
 year = {2013},
  note = "\url{http://www.sfmu.org/documents/File/referentielsSFMU/ThesaurusSFMU2013.xlsx}",
 urldate = {14/07/2013},
 lastchecked = {14/07/2013},
}